<?xml version="1.0" encoding="UTF-8"?><collection xmlns="http://www.loc.gov/MARC21/slim"><record><leader>00399nam--2200145-i-4500</leader><controlfield tag="001">000033025</controlfield><controlfield tag="002">20161230</controlfield><controlfield tag="005">20161230201039</controlfield><controlfield tag="008">060222s1000------------r-----000-0-eng-d</controlfield><datafield ind1=" " ind2=" " tag="080"><subfield code="a">517.926:517.956</subfield></datafield><datafield ind1="1" ind2=" " tag="100"><subfield code="a">Mihlin,S.G</subfield></datafield><datafield ind1="1" ind2="0" tag="245"><subfield code="a">Ecuatii liniare cu derivate partiale</subfield></datafield><datafield ind1=" " ind2=" " tag="260"><subfield code="a">Bucuresti, Ed.Stiintifica Si Enciclopedica, 1983. 537p</subfield></datafield><datafield ind1=" " ind2=" " tag="852"><subfield code="a">71270</subfield><subfield code="c">517.9</subfield></datafield><datafield ind1=" " ind2=" " tag="CAT"><subfield code="a">Sys</subfield><subfield code="c">20090414</subfield><subfield code="h">103135</subfield></datafield></record></collection>